@Article{boyles1996meaning,
  title        = "The meaning of community",
  author       = "Ann Boyles",
  journal      = "Retrieved from the Bah{\'a}’{\'\i} Topics website
                 http://info. bahai. org/article-1-9-1-1. html",
  year         = "1996",
}

@Misc{he2023annotations,
  author       = "Sichang He",
  title        = "Annotations",
  year         = "2023",
  month        = apr,
}

@Misc{pouille2023ethics,
  title        = "Ethics, Citizenship, \& The Examined Life",
  author       = "Adrien Pouille",
  publisher    = "Duke Kunshan University",
  year         = "2023",
  month        = apr,
}

@Article{singer1972famine,
  title        = "Famine, affluence, and morality",
  author       = "Peter Singer",
  journal      = "Philosophy \& public affairs",
  pages        = "229--243",
  year         = "1972",
  publisher    = "JSTOR",
}

@Article{wellman1999net,
  title        = "Net Surfers Don’t Ride Alone: Virtual Communities as
                 Communities’ in Communities in Cyberspace",
  author       = "B Wellman and M Gulia",
  journal      = "Chapter",
  volume       = "7",
  pages        = "167--179",
  year         = "1999",
}
