@Misc{fridman2023aella,
  title        = "Aella: Sex work, Onlyfans, porn, escorting, dating,
                 and human sexuality: Lex Fridman Podcast \#358",
  author       = "Lex Fridman and Aella",
  URL          = "https://youtu.be/cFSrxSBrgSc?t=8881",
  journal      = "YouTube",
  year         = "2023",
  month        = feb,
}

@Book{gittins1993family,
  title        = "What is the family? Is it universal?",
  author       = "Diana Gittins and Diana Gittins",
  year         = "1993",
  publisher    = "Springer",
}

@Article{lu1998family,
  title        = "Family roles and happiness in adulthood",
  author       = "Luo Lu and Yu Yi Lin",
  journal      = "Personality and individual differences",
  volume       = "25",
  number       = "2",
  pages        = "195--207",
  year         = "1998",
  publisher    = "Elsevier",
}

@Book{malinowska2022love,
  title        = "Love in Contemporary Technoculture",
  author       = "Ania Malinowska",
  year         = "2022",
  publisher    = "Cambridge University Press",
}

@Article{schwitzgebel2008thoughts,
  title        = "Thoughts on conjugal love",
  author       = "Eric Schwitzgebel",
  year         = "2008",
}

@Misc{wikipedia2023polyamory,
  title        = "Polyamory",
  author       = "Wikipedia",
  URL          = "https://en.wikipedia.org/wiki/Polyamory",
  journal      = "Wikipedia",
  publisher    = "Wikimedia Foundation",
  year         = "2023",
  month        = mar,
}